@article{PhysRevLett.64.821,
  title = {Synchronization in chaotic systems},
  author = {Pecora, Louis M. and Carroll, Thomas L.},
  journal = {Phys. Rev. Lett.},
  volume = {64},
  issue = {8},
  pages = {821--824},
  numpages = {0},
  year = {1990},
  month = {Feb},
  publisher = {American Physical Society},
  doi = {10.1103/PhysRevLett.64.821},
  url = {http://link.aps.org/doi/10.1103/PhysRevLett.64.821}
}
